
@MastersThesis{thesis,
	author = {Penulis Tesis},
	title = {Tesis untuk Gelas Master},
	school = {Universitas LaTeX},
	year = {2009}
}

@Article{artikelJurnal,
	author = {Penulis Artikel Jurnal},
	title = {Judul Artikel},
	journal = {Nama Jurnal},
	year = {2010}
}

@InProceedings{artikelProsidng,
	author = {Penulis Artikel Prosiding},
	title = {Judul Artikel},
	booktitle = {Nama Prosiding}
}

